@article{ullman1975np,
	title={{NP-complete scheduling problems}},
	author={Ullman, Jeffrey D.},
	journal={Journal of Computer and System sciences},
	volume={10},
	number={3},
	pages={384--393},
	year={1975},
	publisher={Academic Press}
}

@misc {redisDistributedLocks,
	author = {{Redis Documentation}},
	title = "Distributed Locks with Redis",
	month = "mar",
	year = "2022",
	note =  {\url{https://redis.io/docs/reference/patterns/distributed-locks/}}
}


@misc {schedulerframework,
	author = {{Kubernetes Documentation}},
	title = "Kubernetes Components",
	month = "dez",
	year  = "2020",
	note = {\url{https://kubernetes.io/docs/concepts/scheduling-eviction/scheduling-framework}, 1 fev. 2022}
}

@article{loch2021novel,
	title={A novel blockchain protocol for selecting microservices providers and auditing contracts},
	author={Loch, Wilton Jaciel and Koslovski, Guilherme Pi{\^e}gas and Pillon, Maur{\'\i}cio Aronne and Miers, Charles Christian and Pasin, Marcelo},
	journal={Journal of Systems and Software},
	pages={111030},
	year={2021},
	publisher={Elsevier}
}

@article{berg2016guidelines,
	title={Guidelines and best practices for using Docker in support of HLA federations},
	author={Berg, T and Cramp, A and Siegel, B},
	year={2016},
	publisher={SISO-Simulation Interoperability Standards Organization}
}

@inproceedings{menouer2019new,
	title={New scheduling strategy based on multi-criteria decision algorithm},
	author={Menouer, Tarek and Darmon, Patrice},
	booktitle={2019 27th Euromicro International Conference on Parallel, Distributed and Network-Based Processing (PDP)},
	pages={101--107},
	year={2019},
	organization={IEEE}
}

@inproceedings{menouer2019power,
	title={Power efficiency containers scheduling approach based on machine learning technique for cloud computing environment},
	author={Menouer, Tarek and Manad, Otman and C{\'e}rin, Christophe and Darmon, Patrice},
	booktitle={International Symposium on Pervasive Systems, Algorithms and Networks},
	pages={193--206},
	year={2019},
	organization={Springer}
}

@article{liu2018new,
	title={A new container scheduling algorithm based on multi-objective optimization},
	author={Liu, Bo and Li, Pengfei and Lin, Weiwei and Shu, Na and Li, Yin and Chang, Victor},
	journal={Soft Computing},
	volume={22},
	number={23},
	pages={7741--7752},
	year={2018},
	publisher={Springer}
}

@inproceedings{sureshkumar2017optimizing,
	title={{Optimizing the Docker container usage based on load scheduling}},
	author={Sureshkumar, M and Rajesh, P},
	booktitle={2017 2nd International Conference on Computing and Communications Technologies (ICCCT)},
	pages={165--168},
	year={2017},
	organization={IEEE}
}

@inproceedings{Wang2019Pigeon,
author = {Wang, Zhijun and Li, Huiyang and Li, Zhongwei and Sun, Xiaocui and Rao, Jia and Che, Hao and Jiang, Hong},
title = {Pigeon: An Effective Distributed, Hierarchical Datacenter Job Scheduler},
year = {2019},
isbn = {9781450369732},
publisher = {Association for Computing Machinery},
address = {New York, NY, USA},
url = {https://doi.org/10.1145/3357223.3362728},
doi = {10.1145/3357223.3362728},
booktitle = {Proceedings of the ACM Symposium on Cloud Computing},
pages = {246–258},
numpages = {13},
keywords = {Job scheduling, resource management, datacenter},
location = {Santa Cruz, CA, USA},
series = {SoCC '19}
}


@inproceedings{Google2015Borg,
title	= {Large-scale cluster management at {Google} with {Borg}},
author	= {Abhishek Verma and Luis Pedrosa and Madhukar R. Korupolu and David Oppenheimer and Eric Tune and John Wilkes},
year	= {2015},
booktitle	= {Proceedings of the European Conference on Computer Systems (EuroSys)},
address	= {Bordeaux, France}
}

@INPROCEEDINGS{Nesi2018ScheduleGPU,
  author={Nesi, Lucas L. and Pillon, Maurício A. and de Assunção, Marcos D. and Miers, Charles C. and Koslovski, Guilherme P.},
  booktitle={2018 14th International Conference on Network and Service Management (CNSM)}, 
  title={Tackling Virtual Infrastructure Allocation in Cloud Data Centers: a GPU-Accelerated Framework}, 
  year={2018},
  volume={},
  number={},
  pages={191-197},
  doi={}}

@article{Wang2016LoadbalancedAL,
  title={Load‐balanced and locality‐aware scheduling for data‐intensive workloads at extreme scales},
  author={Ke Wang and Kan Qiao and Iman Sadooghi and Xiaobing Zhou and Tonglin Li and Michael Kenneth Lang and Ioan Raicu},
  journal={Concurrency and Computation: Practice and Experience},
  year={2016},
  volume={28},
  pages={70 - 94}
}

@book{pinedo2012scheduling,
  title={Scheduling},
  author={Pinedo, Michael},
  volume={29},
  year={2012},
  publisher={Springer}
}

@book{newman2019monolith,
  title={Monolith to microservices: evolutionary patterns to transform your monolith},
  author={Newman, Sam},
  year={2019},
  publisher={O'Reilly Media}
}

@inproceedings{scheepers2014virtualization,
  title={Virtualization and containerization of application infrastructure: A comparison},
  author={Scheepers, Mathijs Jeroen},
  booktitle={21st twente student conference on IT},
  volume={21},
  year={2014}
}

@article{Zhang2010,
  doi = {10.1007/s13174-010-0007-6},
  url = {https://doi.org/10.1007/s13174-010-0007-6},
  year = {2010},
  month = apr,
  publisher = {Springer Science and Business Media {LLC}},
  volume = {1},
  number = {1},
  pages = {7--18},
  author = {Qi Zhang and Lu Cheng and Raouf Boutaba},
  title = {Cloud computing: state-of-the-art and research challenges},
  journal = {Journal of Internet Services and Applications}
}

@article{casalicchio2020state,
  title={The state-of-the-art in container technologies: Application, orchestration and security},
  author={Casalicchio, Emiliano and Iannucci, Stefano},
  journal={Concurrency and Computation: Practice and Experience},
  pages={e5668},
  year={2020},
  publisher={Wiley Online Library}
}

@article{Assuno,
  doi = {10.1016/j.jnca.2017.12.001},
  url = {https://doi.org/10.1016/j.jnca.2017.12.001},
  year = {2018},
  month = feb,
  publisher = {Elsevier {BV}},
  volume = {103},
  pages = {1--17},
  author = {Marcos Dias de Assun{\c{c}}{\~{a}}o and Alexandre da Silva Veith and Rajkumar Buyya},
  title = {Distributed data stream processing and edge computing: A survey on resource elasticity and future directions},
  journal = {Journal of Network and Computer Applications}
},

@article{aceto2013cloud,
	title={Cloud monitoring: A survey},
	author={Aceto, Giuseppe and Botta, Alessio and De Donato, Walter and Pescap{\`e}, Antonio},
	journal={Computer Networks},
	volume={57},
	number={9},
	pages={2093--2115},
	year={2013},
	publisher={Elsevier}
}

@article{krauter2002taxonomy,
	title={A taxonomy and survey of grid resource management systems for distributed computing},
	author={Krauter, Klaus and Buyya, Rajkumar and Maheswaran, Muthucumaru},
	journal={Software: Practice and Experience},
	volume={32},
	number={2},
	pages={135--164},
	year={2002},
	publisher={Wiley Online Library}
}

@inproceedings{lu2014cloud,
	title={Cloud computing survey},
	author={Lu, Gang and Zeng, Wen Hua},
	booktitle={Applied Mechanics and Materials},
	volume={530},
	pages={650--661},
	year={2014},
	organization={Trans Tech Publ}
}

@ARTICLE{Bersten2014, 
    author={D. {Bernstein}},
    journal={IEEE Cloud Computing},
    title={{Containers and Cloud: From LXC to Docker to Kubernetes}},
    year={2014},
},

@article{mell2011nist,
  title={{The NIST definition of cloud computing}},
  author={Mell, Peter and Grance, Tim and others},
  year={2011},
  publisher={Computer Security Division, Information Technology Laboratory, National},
},

@article{article,
    author = {Harchol-Balter, Mor and Sigman, Karl and Wierman, Adam},
    year = {2003},
    month = {07},
    pages = {},
    title = {Understanding the Slowdown of Large Jobs in an M/GI/1 System},
    volume = {30},
    journal = {ACM SIGMETRICS Performance Evaluation Review},
    doi = {10.1145/605521.605526}
},


@article{Maccio2018,
  doi = {10.1016/j.orp.2018.05.001},
  url = {https://doi.org/10.1016/j.orp.2018.05.001},
  year = {2018},
  publisher = {Elsevier {BV}},
  volume = {5},
  pages = {133--144},
  author = {Vincent J. Maccio and Jenell Hogg and Douglas G. Down},
  title = {On slowdown variance as a measure of fairness},
  journal = {Operations Research Perspectives}
},

@article{Kubiak1993,
  doi = {10.1016/0167-6377(93)90019-d},
  url = {https://doi.org/10.1016/0167-6377(93)90019-d},
  year = {1993},
  month = aug,
  publisher = {Elsevier {BV}},
  volume = {14},
  number = {1},
  pages = {49--59},
  author = {Wieslaw Kubiak},
  title = {Completion time variance minimization on a single machine is difficult},
  journal = {Operations Research Letters}
},

@article{Ye2007,
  doi = {10.1016/j.cor.2005.11.015},
  url = {https://doi.org/10.1016/j.cor.2005.11.015},
  year = {2007},
  month = oct,
  publisher = {Elsevier {BV}},
  volume = {34},
  number = {10},
  pages = {3069--3083},
  author = {Nong Ye and Xueping Li and Toni Farley and Xiaoyun Xu},
  title = {Job scheduling methods for reducing waiting time variance},
  journal = {Computers {\&} Operations Research}
},

@MISC{Feitelson98,
    author = {Dror G. Feitelson},
    title = {Metrics and Benchmarking for Parallel Job Scheduling},
    year = {1998}
},

@article{Baker,
    author = {S. Baker, Brenda and Coffman, Ed and L. Rivest, Ronald},
    year = {1980},
    month = {11},
    pages = {846-855},
    title = {Orthogonal Packings in Two Dimensions},
    volume = {9},
    journal = {SIAM J. Comput.},
    doi = {10.1137/0209064}
},

@inproceedings{CarastanSantos2019,
  doi = {10.1109/ccgrid.2019.00010},
  url = {https://doi.org/10.1109/ccgrid.2019.00010},
  year = {2019},
  month = may,
  publisher = {{IEEE}},
  author = {Danilo Carastan-Santos and Raphael Y. De Camargo and Denis Trystram and Salah Zrigui},
  title = {One Can Only Gain by Replacing {EASY} Backfilling: A Simple Scheduling Policies Case Study},
  booktitle = {2019 19th {IEEE}/{ACM} International Symposium on Cluster,  Cloud and Grid Computing ({CCGRID})}
}

@inproceedings{Xavier2013,
    doi = {10.1109/pdp.2013.41},
    url = {https://doi.org/10.1109/pdp.2013.41},
    year = {2013},
    month = feb,
    publisher = {{IEEE}},
    author = {M. G. Xavier and M. V. Neves and F. D. Rossi and T. C. Ferreto and T. Lange and C. A. F. De Rose},
    title = {Performance Evaluation of Container-Based Virtualization for High Performance Computing Environments},
    booktitle = {2013 21st Euromicro International Conference on Parallel,  Distributed,  and Network-Based Processing}
}

@article{Fazio2016,
    doi = {10.1109/mcc.2016.112},
    url = {https://doi.org/10.1109/mcc.2016.112},
    year = {2016},
    month = sep,
    publisher = {Institute of Electrical and Electronics Engineers ({IEEE})},
    volume = {3},
    number = {5},
    pages = {81--88},
    author = {Maria Fazio and Antonio Celesti and Rajiv Ranjan and Chang Liu and Lydia Chen and Massimo Villari},
    title = {Open Issues in Scheduling Microservices in the Cloud},
    journal = {{IEEE} Cloud Computing}
}

@misc{Redis,
	author = {{REDIS}},
	title = "Redis Documentation",
	month = "aug",
	year = "2022",
	note  = {\url{https://redis.io/docs}, 24 ago. 2022},
}

@misc {Redhat,
    author= {{RED HAT}},
    title = {{What is Docker?}},
    month = "aug",
    year  = "2019",
    note   = {\url{https://www.redhat.com/en/topics/containers/what-is-docker}, 19 ago. 2019},
}

@misc {Redhat-virtualization-vs-cloud,
    author= {{RED HAT}},
    title = "What's the difference between cloud and virtualization?",
    month = "aug",
    year  = "2020",
    note   = {\url{redhat.com/pt-br/topics/cloud-computing/cloud-vs-virtualization}},
}

@misc {Redhat-lxc,
    author= {{RED HAT}},
    title = "What is container Linux?",
    month = "aug",
    year  = "2019",
    note   = {\url{https://www.redhat.com/pt-br/topics/containers/whats-a-linux-container}, 15 abr. 2020},
}

@misc {Google,
    author= {{GOOGLE KUBERNETES}},
    title = "Production-grade container orchestration",
    month = "aug",
    year  = "2019",
    note   = {\url{https://www.kubernetes.io}, 22 ago. 2019},
}

@misc {kubernetesCoreComponentes,
	author = {{Kubernetes Documentation}},
	title = "Kubernetes Components",
	month = "aug",
	year  = "2019",
	note = {\url{www.kubernetes.io/docs/concepts/overview/components/}, 26 nov. 2021}
}

@misc {DDD,
    author= {{DDD Community}},
    title = "What is DDD",
    month = "mar",
    year  = "2007",
    note   = {\url{https://www.dddcommunity.org/learning-ddd/what_is_ddd/}, 28 mar. 2007},
}

@misc {KubernetesAPI,
    author= {{GOOGLE KUBERNETES}},
    title = "Access Clusters Using the Kubernetes API",
    month = "aug",
    year  = "2019",
    note   = {\url{https://kubernetes.io/docs/tasks/administer-cluster/access-cluster-api/}, 21 ago. 2019},
}

@misc {Kubescheduler,
    author= {{GOOGLE KUBERNETES}},
    title = "Kubernetes Scheduler",
    month = "feb",
    year  = "2020",
    note   = {\url{https://kubernetes.io/docs/concepts/scheduling/kube-scheduler/}, 7 mar. 2020},
}

@misc {Kubeha,
    author= {{GOOGLE KUBERNETES}},
    title = "Set up High-Availability Kubernetes Masters",
    month = "mar",
    year  = "2020",
    note   = {\url{https://kubernetes.io/docs/tasks/administer-cluster/highly-available-master/}, 7 mar. 2020},
}

@misc {ibm-ciclo,
    author= {{Jason McGee}},
    title = "The 6 steps of the container lifecycle",
    month = "fev",
    year  = "2016",
    note   = {\url{https://www.ibm.com/blogs/cloud-computing/2016/02/08/the-6-steps-of-the-container-lifecycle/}, 5 mar. 2020},
}

@misc {ibm-sched,
    author= {Wei Huang},
    title = "Create a custom Kubernetes scheduler",
    month = "abr",
    year  = "2019",
    note   = {\url{https://developer.ibm.com/technologies/containers/articles/creating-a-custom-kube-scheduler/}, 5 mar. 2020},
}

@misc {ibm-sched-2,
    author= {{Alexandru Topliceanu}},
    title = "Scheduling in Kubernetes",
    month = "fev",
    year  = "2018",
    note   = {\url{http://alexandrutopliceanu.ro/post/scheduling-in-kubernetes/}, 5 mar. 2020},
}

@ARTICLE{Thones,
    author={J. {Thönes}},
    journal={IEEE Software},
    title={Microservices},
    year={2015},
    volume={32},
    number={1},
    pages={116-116},
    keywords={Interviews;Software architecture;Service oriented architecture;Software engineering;architecture;enterprise service bus;http;microservice;service-oriented architecture;software engineering;SE Radio},
    doi={10.1109/MS.2015.11},
    ISSN={1937-4194},
    month={Jan},
}

@InProceedings{Fritzsch,
    author="Fritzsch, Jonas
    and Bogner, Justus
    and Zimmermann, Alfred
    and Wagner, Stefan",
    editor="Bruel, Jean-Michel
    and Mazzara, Manuel
    and Meyer, Bertrand",
    title="From Monolith to Microservices: A Classification of Refactoring Approaches",
    booktitle="Software Engineering Aspects of Continuous Development and New Paradigms of Software Production and Deployment",
    year="2019",
    publisher="Springer International Publishing",
    address="Cham",
    pages="128--141",
    isbn="978-3-030-06019-0"
}

@book{Arundel,
  title={Cloud Native DevOps with Kubernetes: Building, Deploying, and Scaling Modern Applications in the Cloud},
  author={Arundel, John},
  year={2019},
  publisher={O'Reilly Media}
}

@article{FowlerMicrosservice,
	added-at = {2014-03-29T13:11:57.000+0100},
	author = {Martin Fowler and Lewis James},
	biburl = {https://www.bibsonomy.org/bibtex/2520e156d50e116dcd8e433cfccbdced3/soareschen},
	interhash = {12eba8def437547590a53a0439b4c6c8},
	intrahash = {520e156d50e116dcd8e433cfccbdced3},
	keywords = {application-architecture web-services},
	timestamp = {2014-03-29T14:07:33.000+0100},
	title = {Microservices},
	url = {http://martinfowler.com/articles/microservices.html},
	year = 2014
}

@inproceedings{Kang2016,
  doi = {10.1109/ic2e.2016.26},
  url = {https://doi.org/10.1109/ic2e.2016.26},
  year = {2016},
  month = apr,
  publisher = {{IEEE}},
  author = {Hui Kang and Michael Le and Shu Tao},
  title = {Container and Microservice Driven Design for Cloud Infrastructure {DevOps}},
  booktitle = {2016 {IEEE} International Conference on Cloud Engineering ({IC}2E)}
}

@article{Rodriguez2018,
  doi = {10.1002/spe.2660},
  url = {https://doi.org/10.1002/spe.2660},
  year = {2018},
  month = nov,
  publisher = {Wiley},
  volume = {49},
  number = {5},
  pages = {698--719},
  author = {Maria A. Rodriguez},
  title = {Container-based cluster orchestration systems: A taxonomy and future directions},
  journal = {Software: Practice and Experience}
}

@article{Pahl2015,
  doi = {10.1109/mcc.2015.51},
  url = {https://doi.org/10.1109/mcc.2015.51},
  year = {2015},
  month = may,
  publisher = {Institute of Electrical and Electronics Engineers ({IEEE})},
  volume = {2},
  number = {3},
  pages = {24--31},
  author = {Claus Pahl},
  title = {Containerization and the {PaaS} Cloud},
  journal = {{IEEE} Cloud Computing}
}

@inproceedings{lewis2012microservices,
  title={{Microservices-java, the Unix way}},
  author={Lewis, James},
  booktitle={Proceedings of the 33rd Degree Conference for Java Masters},
  year={2012}
}

@article{thones2015microservices,
  title={Microservices},
  author={Th{\"o}nes, Johannes},
  journal={IEEE software},
  volume={32},
  number={1},
  pages={116--116},
  year={2015},
  publisher={IEEE}
}

@book{ericraymond2003,
 Author = {Eric S. Raymond},
 title = {The Art of UNIX Programming (The Addison-Wesley Professional Computng Series)},
 description = {The Art of UNIX Programming (The Addison-Wesley Professional Computng Series) (Book, 2003)},
 publisher = {Addison-Wesley},
 interhash = {37d66cff78fddd2498aea168f00c6dd5},
 intrahash = {ce26feca5dd90aaaf13bd33343c0ea1e},
 year = {2003},
 month = {oct},
 isbn = {0131429019},
 url = {https://www.xarg.org/ref/a/0131429019/}
}

@book{evans2014domain,
  title={Domain-Driven Design Reference: Definitions and Pattern Summaries},
  author={Evans, Eric},
  year={2014},
  publisher={Dog Ear Publishing}
}

@book{newman2015building,
  title={Building microservices: designing fine-grained systems},
  author={Newman, Sam},
  year={2015},
  publisher={" O'Reilly Media, Inc."}
}

@inproceedings{merson2020modeling,
  title={{Modeling Microservices with DDD}},
  author={Merson, Paulo and Yoder, Joseph},
  booktitle={2020 IEEE International Conference on Software Architecture Companion (ICSA-C)},
  pages={7--8},
  year={2020},
  organization={IEEE}
}

@article{brucker1999resource,
  title={Resource-constrained project scheduling: Notation, classification, models, and methods},
  author={Brucker, Peter and Drexl, Andreas and M{\"o}hring, Rolf and Neumann, Klaus and Pesch, Erwin},
  journal={European journal of operational research},
  volume={112},
  number={1},
  pages={3--41},
  year={1999},
  publisher={Elsevier}
}

%% This BibTeX bibliography file was created using BibDesk.
%% http://bibdesk.sourceforge.net/


%% Created for Lauro Cesar Araujo at 2015-04-27 19:43:45 -0300 


%% Saved with string encoding Unicode (UTF-8) 



@book{ibge1993,
	Address = {Rio de Janeiro},
	Author = {IBGE},
	Date-Added = {2013-08-21 13:56:10 +0000},
	Date-Modified = {2013-08-21 13:56:10 +0000},
	Edition = {3},
	Organization = {http://biblioteca.ibge.gov.br/visualizacao/livros/liv23907.pdf},
	Publisher = {Centro de Documenta{\c c}{\~a}o e Dissemina{\c c}{\~a}o de Informa{\c c}{\~o}es. Funda{\c c}{\~a}o Intituto Brasileiro de Geografia e Estat{\'\i}stica},
	Title = {Normas de apresenta{\c c}{\~a}o tabular},
	Urlaccessdate = {21 ago 2013},
	Year = {1993}}

@misc{abntex2-wiki-como-customizar,
	Author = {Lauro C{\'e}sar Araujo},
	Date-Added = {2013-03-23 21:39:21 +0000},
	Date-Modified = {2015-04-27 22:43:06 +0000},
	Howpublished = {Wiki do abnTeX2},
	Keywords = {wiki},
	Title = {Como customizar o abnTeX2},
	Url = {https://github.com/abntex/abntex2/wiki/ComoCustomizar},
	Urlaccessdate = {27 abr 2015},
	Year = {2015},
	Bdsk-Url-1 = {https://github.com/abntex/abntex2/wiki/ComoCustomizar}}

@manual{talbot2012,
	Author = {Nicola L.C. Talbot},
	Date-Added = {2013-03-11 12:06:04 +0000},
	Date-Modified = {2013-03-11 12:06:56 +0000},
	Month = {Nov.},
	Title = {User Manual for glossaries.sty},
	Url = {http://mirrors.ctan.org/macros/latex/contrib/glossaries/glossaries-user.pdf},
	Urlaccessdate = {11 mar. 2013},
	Year = {2012},
	Bdsk-Url-1 = {http://mirrors.ctan.org/macros/latex/contrib/glossaries/glossaries-user.pdf}}

@manual{babel,
	Author = {Johannes Braams},
	Date-Added = {2013-02-17 13:37:14 +0000},
	Date-Modified = {2013-02-17 13:38:38 +0000},
	Month = {Apr.},
	Title = {Babel, a multilingual package for use with LATEX's standard document classes},
	Url = {http://mirrors.ctan.org/info/babel/babel.pdf},
	Urlaccessdate = {17 fev. 2013},
	Year = {2008},
	Bdsk-Url-1 = {http://mirrors.ctan.org/info/babel/babel.pdf}}

@manual{abntex2modelo-artigo,
	Annote = {Este documento {\'e} derivado do \cite{abnt-bibtex-doc}},
	Author = {Lauro C{\'e}sar Araujo},
	Date-Added = {2013-01-15 00:10:35 +0000},
	Date-Modified = {2015-04-27 22:43:13 +0000},
	Organization = {Equipe abnTeX2},
	Title = {Modelo Can{\^o}nico de Artigo Cient{\'\i}fico com abnTeX2},
	Url = {http://www.abntex.net.br/},
	Year = {2015},
	Bdsk-Url-1 = {http://www.abntex.net.br/}}

@manual{abntex2modelo-relatorio,
	Annote = {Este documento {\'e} derivado do \cite{abnt-bibtex-doc}},
	Author = {Lauro C{\'e}sar Araujo},
	Date-Added = {2013-01-15 00:05:34 +0000},
	Date-Modified = {2015-04-27 22:43:18 +0000},
	Organization = {Equipe abnTeX2},
	Title = {Modelo Can{\^o}nico de Relat{\'o}rio T{\'e}cnico e/ou Cient{\'\i}fico com abnTeX2},
	Url = {http://www.abntex.net.br/},
	Year = {2015},
	Bdsk-Url-1 = {http://www.abntex.net.br/}}

@manual{abntex2modelo,
	Annote = {Este documento {\'e} derivado do \cite{abnt-bibtex-doc}},
	Author = {Lauro C{\'e}sar Araujo},
	Date-Added = {2013-01-12 22:55:32 +0000},
	Date-Modified = {2015-04-27 22:43:32 +0000},
	Organization = {Equipe abnTeX2},
	Title = {Modelo Can{\^o}nico de Trabalho Acad{\^e}mico com abnTeX2},
	Url = {http://www.abntex.net.br/},
	Year = {2015},
	Bdsk-Url-1 = {http://www.abntex.net.br/}}

@mastersthesis{araujo2012,
	Address = {Bras{\'\i}lia},
	Author = {Lauro C{\'e}sar Araujo},
	Date-Added = {2013-01-09 11:04:42 +0000},
	Date-Modified = {2013-01-09 11:04:42 +0000},
	Month = {mar.},
	School = {Universidade de Bras{\'\i}lia},
	Subtitle = {uma perspectiva de {A}rquitetura da {I}nforma{\c c}{\~a}o da {E}scola de {B}ras{\'\i}lia},
	Title = {Configura{\c c}{\~a}o},
	Year = {2012}}

@manual{memoir,
	Address = {Normandy Park, WA},
	Author = {Peter Wilson and Lars Madsen},
	Date-Added = {2013-01-09 10:37:50 +0000},
	Date-Modified = {2013-03-21 13:23:25 +0000},
	Organization = {The Herries Press},
	Title = {The Memoir Class for Configurable Typesetting - User Guide},
	Url = {http://mirrors.ctan.org/macros/latex/contrib/memoir/memman.pdf},
	Urlaccessdate = {19 dez. 2012},
	Year = {2010},
	Bdsk-Url-1 = {http://ctan.tche.br/macros/latex/contrib/memoir/memman.pdf}}

@manual{abntex2cite-alf,
	Annote = {Este documento {\'e} derivado do \cite{abnt-bibtex-alf-doc}},
	Author = {Lauro C{\'e}sar Araujo},
	Date-Added = {2013-01-09 10:37:45 +0000},
	Date-Modified = {2015-04-27 22:43:44 +0000},
	Organization = {Equipe abnTeX2},
	Title = {O pacote abntex2cite: t{\'o}picos espec{\'\i}ficos da ABNT NBR 10520:2002 e o estilo bibliogr{\'a}fico alfab{\'e}tico (sistema autor-data)},
	Url = {http://www.abntex.net.br/},
	Year = {2015},
	Bdsk-Url-1 = {http://www.abntex.net.br/}}

@manual{abntex2cite,
	Annote = {Este documento {\'e} derivado do \cite{abnt-bibtex-doc}},
	Author = {Lauro C{\'e}sar Araujo},
	Date-Added = {2013-01-09 10:37:45 +0000},
	Date-Modified = {2015-04-27 22:43:38 +0000},
	Organization = {Equipe abnTeX2},
	Title = {O pacote abntex2cite: Estilos bibliogr{\'a}ficos compat{\'\i}veis com a ABNT NBR 6023},
	Url = {http://www.abntex.net.br/},
	Year = {2015},
	Bdsk-Url-1 = {http://www.abntex.net.br/}}

@manual{abntex2classe,
	Author = {Lauro C{\'e}sar Araujo},
	Date-Added = {2013-01-09 10:37:38 +0000},
	Date-Modified = {2015-04-27 22:42:47 +0000},
	Organization = {Equipe abnTeX2},
	Title = {A classe abntex2: Modelo can{\^o}nico de trabalhos acad{\^e}micos brasileiros compat{\'\i}vel com as normas ABNT NBR 14724:2011, ABNT NBR 6024:2012 e outras},
	Url = {http://www.abntex.net.br/},
	Year = {2015},
	Bdsk-Url-1 = {http://www.abntex.net.br/}}

@manual{NBR10520:2002,
	Address = {Rio de Janeiro},
	Date-Added = {2012-12-15 21:43:38 +0000},
	Date-Modified = {2013-01-12 22:17:20 +0000},
	Month = {ago.},
	Org-Short = {ABNT},
	Organization = {Associa{\c c}\~ao Brasileira de Normas T\'ecnicas},
	Pages = 7,
	Subtitle = {Informa{\c c}\~ao e documenta{\c c}\~ao --- Apresenta{\c c}\~ao de cita{\c c}\~oes em documentos},
	Title = {{NBR} 10520},
	Year = 2002}

@manual{NBR6024:2012,
	Address = {Rio de Janeiro},
	Date-Added = {2012-12-15 21:24:06 +0000},
	Date-Modified = {2012-12-15 21:24:28 +0000},
	Month = {fev.},
	Org-Short = {ABNT},
	Organization = {Associa{\c c}\~ao Brasileira de Normas T\'ecnicas},
	Pages = 4,
	Subtitle = {Numera{\c c}\~ao progressiva das se{\c c}\~oes de um documento},
	Title = {{NBR} 6024},
	Year = 2012}

@manual{NBR6028:2003,
	Address = {Rio de Janeiro},
	Date-Added = {2012-12-15 21:02:12 +0000},
	Date-Modified = {2012-12-15 21:02:50 +0000},
	Month = {nov.},
	Org-Short = {ABNT},
	Organization = {Associa{\c c}\~ao Brasileira de Normas T\'ecnicas},
	Pages = 2,
	Subtitle = {Resumo - Apresenta{\c c}{\~a}o},
	Title = {{NBR} 6028},
	Year = 2003}

@manual{NBR14724:2001,
	Address = {Rio de Janeiro},
	Date-Added = {2012-12-15 20:34:08 +0000},
	Date-Modified = {2012-12-15 20:34:08 +0000},
	Month = {jul.},
	Org-Short = {ABNT},
	Organization = {Associa{\c c}\~ao Brasileira de Normas T\'ecnicas},
	Pages = 6,
	Subtitle = {Informa{\c c}\~ao e documenta{\c c}\~ao --- trabalhos acad\^emicos --- apresenta{\c c}\~ao},
	Title = {{NBR} 14724},
	Year = 2001}

@manual{NBR14724:2002,
	Address = {Rio de Janeiro},
	Date-Added = {2012-12-15 20:34:17 +0000},
	Date-Modified = {2012-12-15 20:34:17 +0000},
	Month = {ago.},
	Org-Short = {ABNT},
	Organization = {Associa{\c c}\~ao Brasileira de Normas T\'ecnicas},
	Pages = 6,
	Subtitle = {Informa{\c c}\~ao e documenta{\c c}\~ao --- trabalhos acad\^emicos --- apresenta{\c c}\~ao},
	Title = {{NBR} 14724},
	Year = 2002}

@manual{NBR14724:2005,
	Address = {Rio de Janeiro},
	Date-Added = {2012-12-15 20:34:08 +0000},
	Date-Modified = {2012-12-15 20:35:25 +0000},
	Month = {dez.},
	Org-Short = {ABNT},
	Organization = {Associa{\c c}\~ao Brasileira de Normas T\'ecnicas},
	Pages = 9,
	Subtitle = {Informa{\c c}\~ao e documenta{\c c}\~ao --- trabalhos acad\^emicos --- apresenta{\c c}\~ao},
	Title = {{NBR} 14724},
	Year = 2005}

@manual{NBR14724:2011,
	Address = {Rio de Janeiro},
	Date-Added = {2012-12-15 20:34:08 +0000},
	Date-Modified = {2012-12-15 20:35:25 +0000},
	Month = {mar.},
	Note = {Substitui a Ref.~\citeonline{NBR14724:2005}},
	Org-Short = {ABNT},
	Organization = {Associa{\c c}\~ao Brasileira de Normas T\'ecnicas},
	Pages = 15,
	Subtitle = {Informa{\c c}\~ao e documenta{\c c}\~ao --- trabalhos acad\^emicos --- apresenta{\c c}\~ao},
	Title = {{NBR} 14724},
	Year = 2011}

@article{van86,
	Author = {{van}, Gigch, John P. and Leo L. Pipino},
	Journal = {Future Computing Systems},
	Number = {1},
	Pages = {71-97},
	Title = {In search for a paradigm for the discipline of information systems},
	Volume = {1},
	Year = {1986}}

@phdthesis{guizzardi2005,
	Address = {Enschede, The Netherlands},
	Author = {Giancarlo Guizzardi},
	Date-Added = {2012-04-23 11:35:28 +0000},
	Date-Modified = {2012-04-23 11:35:28 +0000},
	School = {Centre for Telematics and Information Technology, University of Twente},
	Title = {Ontological Foundations for Structural Conceptual Models},
	Url = {http://www.loa.istc.cnr.it/Guizzardi/SELMAS-CR.pdf},
	Urlaccessdate = {3 jul. 2011},
	Year = {2005},
	Bdsk-Url-1 = {http://www.loa.istc.cnr.it/Guizzardi/SELMAS-CR.pdf}}

@mastersthesis{macedo2005,
	Author = {Fl{\'a}via L. Macedo},
	Date-Added = {2012-04-23 11:35:13 +0000},
	Date-Modified = {2012-04-23 11:35:13 +0000},
	Keywords = {arquitetura da informa{\c c}{\~a}o},
	School = {Universidade de Bras{\'\i}lia},
	Title = {Arquitetura da Informa{\c c}{\~a}o: aspectos espistemol{\'o}gicos, cient{\'\i}ficos e pr{\'a}ticos.},
	Type = {Disserta{\c c}{\~a}o de Mestrado},
	Year = {2005}}

@manual{EIA649B,
	Address = {EUA},
	Date-Added = {2012-04-23 11:34:59 +0000},
	Date-Modified = {2012-04-23 11:34:59 +0000},
	Keywords = {norma},
	Month = {June},
	Organization = {TechAmerica},
	Title = {ANSI/EIA 649-B: Configuration Management Standard},
	Year = {2011}}

@inproceedings{masolo2010,
	Author = {Claudio Masolo},
	Booktitle = {Proceedings of the Twelfth International Conference on the Principles of Knowledge Representation and Reasoning (KR 2010)},
	Date-Added = {2012-04-23 11:34:38 +0000},
	Date-Modified = {2012-04-23 11:34:38 +0000},
	Editor = {Lin, F. and Sattler, U.},
	Pages = {258-268},
	Publisher = {AAAI Press},
	Title = {Understanding Ontological Levels},
	Url = {http://wiki.loa-cnr.it/Papers/kr10v0.7.pdf},
	Urlaccessdate = {2 jan. 2012},
	Year = {2010},
	Bdsk-Url-1 = {http://wiki.loa-cnr.it/Papers/kr10v0.7.pdf}}

@inbook{guarino1995,
	Address = {Vienna},
	Author = {Nicola Guarino},
	Booktitle = {Philosophy and the Cognitive Science},
	Date-Added = {2012-04-23 11:34:29 +0000},
	Date-Modified = {2012-04-23 11:34:29 +0000},
	Editor = {R. Casati and B. Smith and G. White},
	Month = {Sept.},
	Pages = {443-456},
	Publisher = {Holder-Pivhler-Tempsky},
	Title = {The Ontological Level},
	Url = {http://wiki.loa-cnr.it/Papers/OntLev.pdf},
	Urlaccessdate = {2 jan. 2012},
	Year = {1995},
	Bdsk-Url-1 = {http://wiki.loa-cnr.it/Papers/OntLev.pdf}}

@incollection{bates2010,
	Address = {New York},
	Author = {Marcia J. Bates},
	Booktitle = {Encyclopedia of Library and Information Sciences},
	Date-Added = {2012-04-23 11:34:29 +0000},
	Date-Modified = {2012-04-23 11:34:29 +0000},
	Edition = {3rd},
	Editor = {Marcia J. Bates and Mary Niles Maack},
	Pages = {2347-2360},
	Publisher = {CRC Press},
	Title = {Information},
	Url = {http://pages.gseis.ucla.edu/faculty/bates/articles/information.html},
	Urlaccessdate = {24 out. 2011},
	Volume = {3},
	Year = {2010},
	Bdsk-Url-1 = {http://pages.gseis.ucla.edu/faculty/bates/articles/information.html}}

@book{doxiadis1965,
	Author = {Constantinos A. Doxiadis},
	Date-Added = {2012-04-23 11:34:20 +0000},
	Date-Modified = {2012-04-23 11:34:20 +0000},
	Publisher = {Ceira - Coimbra},
	Title = {Arquitetura em Transi{\c c}{\~a}o},
	Year = {1965}}

@book{dewey1980,
	Address = {New York, NY, USA},
	Author = {John Dewey},
	Date-Added = {2012-04-23 11:34:16 +0000},
	Date-Modified = {2012-04-23 11:34:16 +0000},
	Publisher = {Perigee Books},
	Title = {Art as Experience},
	Year = {1980}}

@inproceedings{vaucher2018sgxaware,
	author={S. Vaucher and R. Pires and P. Felber and M. Pasin and V. Schiavoni and C. Fetzer},
	booktitle={2018 IEEE 38th International Conference on Distributed Computing Systems (ICDCS)},
	title={{SGX}-Aware Container Orchestration for Heterogeneous Clusters},
	month={July},
	year={2018},
	pages={730-741},
	doi={10.1109/ICDCS.2018.00076},
	issn={2575-8411},
}
